@Book{tietze,
  author           = {Tietze, Ulrich and Schenk, Christoph and Gamm, Eberhard},
  date             = {2019-07-05},
  title            = {Halbleiter-Schaltungstechnik},
  isbn             = {3662485532},
  publisher        = {Springer-Verlag GmbH},
  url              = {https://www.ebook.de/de/product/37063433/ulrich_tietze_christoph_schenk_eberhard_gamm_halbleiter_schaltungstechnik.html},
  creationdate     = {2022-04-13T22:27:38},
  ean              = {9783662485538},
  modificationdate = {2022-11-25T23:17:06},
  year             = {2019},
}

@Book{kuchling,
  author           = {Kuchling, Horst},
  date             = {2014-10-08},
  title            = {Taschenbuch der Physik},
  isbn             = {978-3446442184},
  pagetotal        = {711},
  publisher        = {Hanser Fachbuchverlag},
  url              = {https://www.ebook.de/de/product/23173597/horst_kuchling_taschenbuch_der_physik.html},
  creationdate     = {2022-04-13T22:29:38},
  ean              = {9783446442184},
  modificationdate = {2022-11-25T23:17:06},
  year             = {2014},
}

@Book{demex2,
  author           = {Demtröder, Wolfgang},
  date             = {2014-07-08},
  title            = {Experimentalphysik 2},
  isbn             = {978-3-642-29944-5},
  pagetotal        = {482},
  publisher        = {Springer-Verlag GmbH},
  url              = {https://www.ebook.de/de/product/22876029/wolfgang_demtroeder_experimentalphysik_2.html},
  creationdate     = {2022-04-13T22:32:00},
  ean              = {9783642299445},
  modificationdate = {2022-11-25T23:17:06},
  year             = {2014},
}

@manual{fluke175,
  date = {2003},
  title = {Users Manual},
  language = {en},
  organization = {Fluke Corporation},
  subtitle = {175, 177, 179 True-rms Multimeters},
  url = {https://dam-assets.fluke.com/s3fs-public/175_____umeng0200.pdf},
  urldate = {2022-04-24},
  creationdate = {2022-04-24T18:01:39},
  modificationdate = {2022-04-24T20:16:42},
}

@booklet{WolfgangKessel2004,
  author = {Wolfgang Kessel, Braunschweig},
  date = {2004},
  title = {Die ISO/BIPM-GUM Sicht:Schätzwert \& Messunsicherheit},
}

@Online{Radium,
  date             = {2022-11-20},
  title            = {The radioactive series of radium-226},
  url              = {https://www.ld-didactic.de/software/524221en/Content/Appendix/Ra226Series.htm},
  modificationdate = {2022-11-25T23:17:06},
  publisher        = {LD-Didactic},
}

@Misc{zerfallsreihera226,
  author           = {Noah Dorsey},
  date             = {2009-08-13},
  title            = {1927: NBS gold leaf electroscope},
  organization     = {NIST},
  url              = {https://www.nist.gov/pml/marie-curie-and-nbs-radium-standards/1927-nbs-gold-leaf-electroscope},
  urldate          = {2022-11-25},
  version          = {June 2, 2021},
  creationdate     = {2022-11-25T23:25:06},
  modificationdate = {2022-11-25T23:41:06},
}

@Misc{zaehlrohrvorbereitung,
  date             = {2016},
  title            = {Strahlungsmessung mit Zählrohr und Szintillationszähler},
  location         = {Petersgasse 16, A-8010 Graz},
  organization     = {Institut für Experimentalphysik und Institut für Materialphysik},
  subtitle         = {Vorbereitungsunterlagen},
  creationdate     = {2022-11-25T23:47:51},
  modificationdate = {2022-11-25T23:51:04},
}

@Book{gerthsen,
  author           = {Meschede, Dieter},
  date             = {2015},
  title            = {Gerthsen Physik},
  isbn             = {9783662459768},
  pages            = {1052},
  publisher        = {Spektrum Akademischer Verlag GmbH},
  creationdate     = {2022-11-26T00:33:03},
  modificationdate = {2022-11-26T00:34:44},
}

@Comment{jabref-meta: databaseType:biblatex;}
